<?xml version="1.0" encoding="UTF-8"?>
<record xmlns="http://www.loc.gov/MARC21/slim">
  <leader>01742cam a2200217Ia 4500</leader>
  <controlfield tag="005">20080430220941.0</controlfield>
  <controlfield tag="008">790929s18uu    xx            000 0 eng d</controlfield>
  <datafield tag="035" ind1=" " ind2=" ">
    <subfield code="a">ocm05439510 </subfield>
  </datafield>
  <datafield tag="035" ind1=" " ind2=" ">
    <subfield code="a">(OCoLC)5439510</subfield>
  </datafield>
  <datafield tag="040" ind1=" " ind2=" ">
    <subfield code="a">RRR</subfield>
    <subfield code="c">RRR</subfield>
    <subfield code="d">OCL</subfield>
    <subfield code="d">OCLCQ</subfield>
  </datafield>
  <datafield tag="043" ind1=" " ind2=" ">
    <subfield code="a">n-us---</subfield>
  </datafield>
  <datafield tag="099" ind1=" " ind2=" ">
    <subfield code="a">5574.57 no.13</subfield>
  </datafield>
  <datafield tag="100" ind1="1" ind2=" ">
    <subfield code="a">Shaw, Benjamin.</subfield>
  </datafield>
  <datafield tag="245" ind1="1" ind2="0">
    <subfield code="a">Illegality of slavery /</subfield>
    <subfield code="c">by Benjamin Shaw.</subfield>
  </datafield>
  <datafield tag="246" ind1="1" ind2="0">
    <subfield code="a">Pamphlets.Slavery.Legal aspect;</subfield>
    <subfield code="i">no.13</subfield>
  </datafield>
  <datafield tag="260" ind1=" " ind2=" ">
    <subfield code="a">[S.l. :</subfield>
    <subfield code="b">s.n.,</subfield>
    <subfield code="c">18--]</subfield>
  </datafield>
  <datafield tag="300" ind1=" " ind2=" ">
    <subfield code="a">12 p. ;</subfield>
    <subfield code="c">21 cm.</subfield>
  </datafield>
  <datafield tag="500" ind1=" " ind2=" ">
    <subfield code="a">Caption title.</subfield>
  </datafield>
  <datafield tag="590" ind1=" " ind2=" ">
    <subfield code="a">Bound volume contains: 1. State of New York, in Supreme Court, Seth W. Benedict, ads. Daniel D. Nash / by Seth Williston Benedict. --  2. Constitutional argument against american slavery / by Gerrit Smith. --  3. Views of American Constitutional Law in its bearing upon american slavery / by William Goodell. --  4. The Fugitive Slave Bill: its history and unconstitutionality... . --  5. The Fugitive Slave Law and its victims. --  6. A sketch of the laws relating to slavery... / by George M. Strout. --  7. The duty of disobedience to the Fugitive Slave Act... / by L. Maria Child. --  8. Speech of John Hossack convicted of a violation of the Fugitive Slave Law... . --  9. Rights and duties of the United States relative to slavery under the laws of the war... / by David Lee Child. --  10. The abolition of slavery: the right of the government under the war power. --  11. The Law of Slavery in the United States / by Christian Charles Josias Bunsen. --  12. The Commander-in-Chief... / by Grosvenor P. Lowrey. --  13. Illegality of slavery / by Benjamin Shaw.</subfield>
  </datafield>
  <datafield tag="650" ind1=" " ind2="0">
    <subfield code="a">Slavery</subfield>
    <subfield code="z">United States.</subfield>
  </datafield>
  <datafield tag="949" ind1=" " ind2=" ">
    <subfield code="a">BPL1ST</subfield>
    <subfield code="b">BANF</subfield>
    <subfield code="h">No.13 in 5574.57</subfield>
    <subfield code="z">Bates Hall Catalog Conversion (FY2008). Backstage Library Works.</subfield>
  </datafield>
</record>
